<collection xmlns="http://www.loc.gov/MARC21/slim"><record><leader>00936nam  2200265   450</leader><controlfield tag="001">441</controlfield><controlfield tag="003">http://montalegre.opacnet.com/OPAC/default.aspx?ContentAreaControl=ShowRegHoldings.ascx&amp;RegNo=16662</controlfield><datafield tag="100" ind1=" " ind2=" "><subfield code="a">20061013d--------k  y0pory0103    ba</subfield></datafield><datafield tag="101" ind1="1" ind2=" "><subfield code="a">por</subfield><subfield code="c">fre</subfield></datafield><datafield tag="102" ind1=" " ind2=" "><subfield code="a">PT</subfield></datafield><datafield tag="200" ind1="1" ind2=" "><subfield code="a">Nossa Senhora de Paris</subfield><subfield code="f">Victor Hugo</subfield><subfield code="g">trad. Ana Rabaça</subfield></datafield><datafield tag="210" ind1=" " ind2=" "><subfield code="a">Mem Martins</subfield><subfield code="c">Europa-América</subfield><subfield code="d">[19--]</subfield></datafield><datafield tag="215" ind1=" " ind2=" "><subfield code="a">2 v</subfield><subfield code="d">18 cm</subfield></datafield><datafield tag="225" ind1="2" ind2=" "><subfield code="a">Livros de bolso Europa-América</subfield><subfield code="v">416-418</subfield></datafield><datafield tag="304" ind1=" " ind2=" "><subfield code="a">Tít. orig.: Notre-Dame de Paris</subfield></datafield><datafield tag="327" ind1="1" ind2=" "><subfield code="a">Vol. 1 : 189, [1] p</subfield><subfield code="a">Vol. 2 : 210, [1] p</subfield></datafield><datafield tag="606" ind1=" " ind2=" "><subfield code="a">Literatura francesa</subfield></datafield><datafield tag="608" ind1=" " ind2=" "><subfield code="a">Romance</subfield></datafield><datafield tag="675" ind1=" " ind2=" "><subfield code="a">821</subfield><subfield code="v">BN</subfield><subfield code="z">por</subfield></datafield><datafield tag="700" ind1=" " ind2="1"><subfield code="a">Hugo</subfield><subfield code="b">Victor</subfield><subfield code="f">1802-1885</subfield></datafield><datafield tag="702" ind1=" " ind2="1"><subfield code="a">Rabaça</subfield><subfield code="b">Ana Maria</subfield><subfield code="4">730</subfield></datafield><datafield tag="801" ind1=" " ind2="0"><subfield code="a">PT</subfield><subfield code="b">Biblioteca Municipal de Montalegre</subfield><subfield code="g">RPC</subfield></datafield><datafield tag="856" ind1=" " ind2=" "><subfield code="u">locateMedia.asp?cod=20060517111259&amp;ext=jpg</subfield><subfield code="z">CAPA</subfield></datafield><datafield tag="856" ind1=" " ind2=" "><subfield code="u">locateMedia.asp?cod=20060517111313&amp;ext=jpg</subfield><subfield code="z">CAPA</subfield></datafield><datafield tag="909" ind1="&#9;" ind2=" "><subfield code="a">2</subfield></datafield><datafield tag="966" ind1=" " ind2=" "><subfield code="a">0012647</subfield><subfield code="l">BMM</subfield><subfield code="s">SCG 821 HUG nos 416</subfield></datafield><datafield tag="966" ind1=" " ind2=" "><subfield code="a">0012648</subfield><subfield code="l">BMM</subfield><subfield code="s">SCG 821 HUG nos 418</subfield></datafield></record></collection>